@inproceedings{Dingledine2004,
    author = {Dingledine, Roger and Mathewson, Nick and Syverson, Paul},
    title = {Tor: The Second-generation Onion Router},
    booktitle = {Proceedings of the 13th Conference on USENIX Security Symposium - Volume 13},
    series = {SSYM'04},
    year = {2004},
    location = {San Diego, CA},
    pages = {21--21},
    numpages = {1},
    url = {http://dl.acm.org/citation.cfm?id=1251375.1251396},
    acmid = {1251396},
    publisher = {USENIX Association},
    address = {Berkeley, CA, USA},
}

@techreport{SkypeMorph,
    author = {Hooman Mohajeri Moghaddam, Baiyu Li, Mohammad Derakhshani, Ian Goldberg},
    title = {SkypeMorph: Protocol Obfuscation for Tor Bridges},
    institution = {Cheriton School of Computer Science, University of Waterloo},
    year = {2012},
    url = {http://cacr.uwaterloo.ca/techreports/2012/cacr2012-08.pdf},
}

@misc{greatfirewall,
    author = {GreatFire.org},
    title = {Google Blocked in China},
    howpublished = {\url{https://en.greatfire.org/https/google.com}},
    year = {2016},
    note = "[Online; accessed 30-May-2016]",
}

@misc{meek-arch,
    title = {Meek Diagram},
    howpublished = {\url{https://trac.torproject.org/projects/tor/attachment/wiki/doc/meek/meek-diagram.png}},
}

@misc{meek,
    title = {Tor},
    url = {https://trac.torproject.org/projects/tor/wiki/doc/meek},
}

@unpublished{moneymoneymoney,
    author = {David Fifield},
    title = {Summary of meek's costs, October 2014, tor-dev mailing list},
    url = {https://lists.torproject.org/pipermail/tor-dev/2014-November/007716.html},
    year = {2014},
}
